@inproceedings{goerg13,
    Publisher = {JMLR Workshop and Conference Proceedings},
    Author = {Georg M. Goerg},
    Booktitle = {Proceedings of the 30th International Conference on Machine Learning (ICML-13)},
    Title = {Forecastable Component Analysis},
    Volume = {28},
    Editor = {Sanjoy Dasgupta and David Mcallester},
    Year = {2013},
    Pages = {64--72}
}

@Manual{goerg13R,
  title = {ForeCA: An R package for Forecastable Component Analysis},
  author = {Georg M. Goerg},
  year = {2014},
  note = {R package version 0.1},
  url    = "cran.r-project.org/package=ForeCA"
}

@Manual{forectheta,
    title = {forecTheta: Forecasting Time Series by Theta Models},
    author = {Jose Augusto Fiorucci and Francisco Louzada and Bao Yiqi},
    year = {2016},
    note = {R package version 2.2},
    url = {https://CRAN.R-project.org/package=forecTheta},
}


@article{garland2014model,
  title={Model-free quantification of time-series predictability},
  author={Garland, Joshua and James, Ryan and Bradley, Elizabeth},
  journal={Physical Review E},
  volume={90},
  number={5},
  pages={052910},
  year={2014},
  publisher={APS}
}

@article{Maasoumi2002291,
  title = {Entropy and predictability of stock market returns},
  journal = {Journal of Econometrics},
  volume = {107},
  number = {1â€“2},
  pages = {291--312},
  year = {2002},
  issn = {0304-4076},
  author = {Esfandiar Maasoumi and Jeff Racine}
}

@article{Bandt2002,
  title = {Permutation Entropy: A Natural Complexity Measure for Time Series},
  author = {Bandt, Christoph and Pompe, Bernd},
  journal = {Physical Review Letters},
  volume = {88},
  issue = {17},
  pages = {174102},
  numpages = {4},
  year = {2002},
  month = {Apr},
  publisher = {American Physical Society},
}

@article{Fadlallah2013,
  title = {Weighted-permutation entropy: A complexity measure for time series incorporating amplitude information},
  author = {Fadlallah, Bilal and Chen, Badong and Keil, Andreas and Pr\'{i}ncipe, Jos\'{e}},
  journal = {Physical Review E},
  volume = {87},
  issue = {2},
  pages = {022911},
  numpages = {7},
  year = {2013},
  month = {Feb},
  publisher = {American Physical Society},
}

@article{Zaccarelli201322,
    title = {Order and disorder in ecological time-series: Introducing normalized spectral entropy},
    journal = {Ecological Indicators},
    volume = {28},
    pages = {22--30},
    year = {2013},
    author = {Nicola Zaccarelli and Bai-Lian Li and Irene Petrosillo and Giovanni Zurlini}
}

@article{wolpert1996lack,
  title={The lack of a priori distinctions between learning algorithms},
  author={Wolpert, David H},
  journal={Neural computation},
  volume={8},
  number={7},
  pages={1341--1390},
  year={1996},
  publisher={MIT Press},
}

@article{wolpert1997no,
  title={No free lunch theorems for optimization},
  author={Wolpert, David H and Macready, William G},
  journal={IEEE Transactions on Evolutionary Computation},
  volume={1},
  number={1},
  pages={67--82},
  year={1997},
  publisher={IEEE},
}

@book{hyndman2014forecasting,
  title={Forecasting: principles and practice},
  author={Hyndman, Rob J and Athanasopoulos, George},
  year={2014},
  publisher={OTexts},
  address={Melbourne, Australia},
  url={OTexts.org/fpp}
}

@article{WangSH06,
  author = {Wang, Xiaozhe and Smith, Kate A. and Hyndman, Rob J.},
  description = {dblp},
  journal = {Data Mining and Knowledge Discovery},
  keywords = {dblp},
  number = 3,
  pages = {335--364},
  title = {Characteristic-based clustering for time series data},
  volume = 13,
  year = 2006
}

@article{SmithMiles201412,
    title = {Towards objective measures of algorithm performance across instance space},
    journal = {Computers \& Operations Research},
    volume = {45},
    number = {0},
    pages = {12--24},
    year = {2014},
    author = {Kate Smith-Miles and Davaatseren Baatar and Brendan Wreford and Rhyd Lewis}
}

@article{nanopoulos2001feature,
  title={Feature-based classification of time-series data},
  author={Nanopoulos, Alex and Alcock, Rob and Manolopoulos, Yannis},
  journal={International Journal of Computer Research},
  volume={10},
  number={3},
  year={2001},
  publisher={Citeseer}
}

@TECHREPORT{Morchen03timeseries,
    author = {Fabian M{\"o}rchen},
    title = {Time series feature extraction for data mining using {DWT} and {DFT}},
    institution = {Department of Mathematics and Computer Science, Philips-University Marburg},
    year = {2003},
    number = {33}
}

@ARTICLE{fulcher2014,
    author={Fulcher, B.D. and Jones, N.S.},
    journal={IEEE Transactions on Knowledge and Data Engineering},
    title={Highly comparative feature-based time-series classification},
    year={2014},
    month={Dec},
    volume={26},
    number={12},
    pages={3026--3037},
    ISSN={1041-4347}
}

@incollection{wang2008characteristic,
    year={2008},
    booktitle={Advances in Knowledge Discovery and Data Mining},
    volume={5012},
    series={Lecture Notes in Computer Science},
    editor={Washio, Takashi and Suzuki, Einoshin and Ting, KaiMing and Inokuchi, Akihiro},
    title={Characteristic-Based Descriptors for Motion Sequence Recognition},
    publisher={Springer Berlin Heidelberg},
    author={Wang, Liang and Wang, Xiaozhe and Leckie, Christopher and Ramamohanarao, Kotagiri},
    pages={369--380}
}

@article{deng2013time,
  title={A time series forest for classification and feature extraction},
  author={Deng, Houtao and Runger, George and Tuv, Eugene and Vladimir, Martyanov},
  journal={Information Sciences},
  volume={239},
  pages={142--153},
  year={2013},
  publisher={Elsevier}
}

@article{Assimakopoulos2000521,
title = {The theta model: a decomposition approach to forecasting},
journal = {International Journal of Forecasting},
volume = {16},
number = {4},
pages = {521--530},
year = {2000},
author = {V. Assimakopoulos and K. Nikolopoulos}
}

@article{hyndman2002state,
  title={A state space framework for automatic forecasting using exponential smoothing methods},
  author={Hyndman, Rob J and Koehler, Anne B and Snyder, Ralph D and Grose, Simone},
  journal={International Journal of Forecasting},
  volume={18},
  number={3},
  pages={439--454},
  year={2002},
  publisher={Elsevier}
}

@article{scrucca2012ga,
  title={{GA}: a package for genetic algorithms in {R}},
  author={Scrucca, Luca},
  journal={Journal of Statistical Software},
  volume={53},
  number={4},
  year={2012}
}



@article{ord2001commentaries,
  title={Commentaries on the {M}3-{C}ompetition. {A}n introduction, some comments and a scorecard},
  author={Ord, Keith},
  journal={International Journal of Forecasting},
  volume={17},
  pages={537--541},
  year={2001}
}

@article{clements2001explaining,
  title={Explaining the results of the {M}3 forecasting competition},
  author={Clements, Michael P and Hendry, David F},
  journal={International Journal of Forecasting},
  volume={17},
  pages={550--554},
  year={2001}
}

@article{lawrence2001why,
  title={Commentaries on the {M}3-{C}ompetition. Why another study?},
  author={Lawrence, Michael},
  journal={International Journal of Forecasting},
  volume={17},
  pages={574--575},
  year={2001}
}

@article{diebold2002comparing,
  title={Comparing predictive accuracy},
  author={Diebold, Francis X and Mariano, Robert S},
  journal={Journal of Business \& Economic Statistics},
  volume={20},
  number={1},
  year={2002}
}

@article{cleveland1990stl,
  title={{STL}: A seasonal-trend decomposition procedure based on loess},
  author={Cleveland, Robert B and Cleveland, William S and McRae, Jean E and Terpenning, Irma},
  journal={Journal of Official Statistics},
  volume={6},
  number={1},
  pages={3--73},
  year={1990}
}

@article{makridakis2000m3,
  title={The {M}3-{C}ompetition: results, conclusions and implications},
  author={Makridakis, Spyros and Hibon, Michele},
  journal={International Journal of Forecasting},
  volume={16},
  number={4},
  pages={451--476},
  year={2000},
  publisher={Elsevier}
}

@inproceedings{cikm2015,
  author = {Hyndman, Rob J and Earo Wang and Nikolay Laptev},
  title = {Large-scale unusual time series detection},
  booktitle = {Proceedings of the IEEE International Conference on Data Mining},
  address = {Atlantic City, NJ, USA},
  note = {14--17 November 2015},
  year = {2015}
}


@ARTICLE{WSH09,
  title    = {Rule induction for forecasting method selection: meta-learning
              the characteristics of univariate time series},
  author   = "Wang, Xiaozhe and Smith-Miles, Kate A and Hyndman, Rob J",
  journal  = "Neurocomputing",
  volume   =  72,
  number   = "10-12",
  pages    = "2581--2594",
  year     =  2009,
  keywords = "clustering; data characteristics; forecasting methods selection;
              rule induction; univariate time series"
}

@article{smith2015generating,
  title={Generating New Test Instances by Evolving in Instance Space},
  author={Smith-Miles, Kate and Bowly, Simon},
  journal={Computers \& Operations Research},
  volume={63},
  pages={102--113},
  year={2015},
  publisher={Elsevier}
}

@ARTICLE{BC64,
  title   = {An analysis of transformations},
  author  = "Box, George E P and Cox, David R",
  journal = "Journal of the Royal Statistical Society. Series B",
  volume  =  26,
  number  =  2,
  pages   = "211--252",
  year    =  1964
}


@ARTICLE{HK06,
  title     = {Another look at measures of forecast accuracy},
  author    = "Hyndman, Rob J and Koehler, Anne B",
  abstract  = "We discuss and compare measures of accuracy of univariate time
               series forecasts. The methods used in the M-competition as well
               as the M3-competition, and many of the measures recommended by
               previous authors on this topic, are found to be degenerate in
               commonly occurring situations. Instead, we propose that the mean
               absolute scaled error become the standard measure for comparing
               forecast accuracy across multiple time series.",
  journal   = "International Journal of Forecasting",
  publisher = "Elsevier",
  volume    =  22,
  number    =  4,
  pages     = "679--688",
  year      =  2006,
  keywords  = "forecast accuracy; forecast error measures; forecast evaluation;
               m competition; m-competition; mean; mean absolute scaled error"
}



@ARTICLE{HK08,
  title     = "Automatic time series forecasting: the forecast package for {R}",
  author    = "Hyndman, Rob J and Khandakar, Yeasmin",
  journal   = "Journal of Statistical Software",
  publisher = "American Statistical Association",
  volume    =  26,
  number    =  3,
  pages     = "1--22",
  year      =  2008,
  keywords  = "arima models; automatic forecasting; exponential smoothing;
               prediction inter-; r; state space models; time series; vals"
}


@ARTICLE{kang2014,
  title = {Detecting and classifying events in noisy time series},
  author={Kang, Yanfei and Belu\v{s}i\'{c}, Danijel and Smith-Miles, Kate},
  journal={Journal of the Atmospheric Sciences},
  doi={10.1175/JAS-D-13-0182.1},
  volume = {71},
  year={2014},
  number={3},
  pages={1090--1104}
}


@ARTICLE{kang2015,
  title = {Classes of structures in the stable atmospheric boundary layer},
  author={Kang, Yanfei and Belu\v{s}i\'{c}, Danijel and Smith-Miles, Kate},
  journal={Quarterly Journal of the Royal Meteorological Society},
  doi={10.1002/qj.2501},
  volume = {141},
  year={2015},
  number={691},
  pages={2057--2069}
}


@ARTICLE{fulcher2013,
  title = {Highly comparative time-series analysis: the empirical structure of time series and their methods},
  author={Fulcher, Ben D and Little, Max A and Jones, Nick S},
  journal={Journal of the Royal Society Interface},
  doi={10.1098/rsif.2013.00481},
  volume = {10},
  year={2013},
  number={83},
  pages={ 20130048}
}




@ARTICLE{Petropoulos2014,
  title = {`{Horses} for Courses' in demand forecasting},
  author={Petropoulos, F and Makridakis, S and Assimakopoulos, V and Nikolopoulos, K},
  journal={European Journal of Operational Research},
  volume = {237},
  year={2014},
  number={1},
  pages={152--163}
}



@MANUAL{Rforecast,
  title  = "forecast: Forecasting functions for time series and linear models",
  author = "Hyndman, Rob J",
  year   =  2016,
  url    = "cran.r-project.org/package=forecast",
  note = "R package version 7.1"
}

@article{wong2000mixture,
  title={On a mixture autoregressive model},
  author={Wong, Chun Shan and Li, Wai Keung},
  journal={Journal of the Royal Statistical Society: Series B (Statistical Methodology)},
  volume={62},
  number={1},
  pages={95--115},
  year={2000},
  publisher={Wiley Online Library}
}

@article{kang2017visualising,
  title={Visualising forecasting algorithm performance using time series instance spaces},
  author={Kang, Yanfei and Hyndman, Rob J and Smith-Miles, Kate},
  journal={International Journal of Forecasting},
  volume={33},
  number={2},
  pages={345--358},
  year={2017},
  publisher={Elsevier}
}

@article{munoz2016performance,
  title={Performance analysis of continuous black-box optimization algorithms via footprints in instance space},
  author={Mu{\~n}oz, Mario A and Smith-Miles, Kate},
  journal={Evolutionary Computation},
  year={2016},
  publisher={MIT Press}
}

@inproceedings{kegel2017generating,
  title={Generating What-if scenarios for time series data},
  author={Kegel, Lars and Hahmann, Martin and Lehner, Wolfgang},
  booktitle={Proceedings of the 29th International Conference on Scientific and Statistical Database Management},
  pages={3},
  year={2017},
  organization={ACM}
}



@article{munoz2017classification,
  title={Instance spaces for machine learning classification},
  author={Mu{\~n}oz, Mario A and Villanova, Laura and Baatar, Davaatseren and Smith-Miles, Kate},
  journal={Machine Learning},
  pages={1--39},
  year={2017},
  publisher={Springer}
}


@article{maaten2008visualizing,
  title={Visualizing data using t-{SNE}},
  author={Maaten, Laurens van der and Hinton, Geoffrey},
  journal={Journal of Machine Learning Research},
  volume={9},
  number={Nov},
  pages={2579--2605},
  year={2008}
}

@article{van2014accelerating,
  title={Accelerating t-{SNE} using tree-based algorithms},
  author={Maaten, Laurens van der},
  journal={The Journal of Machine Learning Research},
  volume={15},
  number={1},
  pages={3221--3245},
  year={2014},
  publisher={JMLR. org}
}

@article{rice1975the,
title={The Algorithm Selection Problem},
author={Rice, John R},
journal={Advances in Computers},
volume={15},
pages={65--118},
year={1975}}

@article{keogh2003on,
  title={On the need for time series data mining benchmarks: a survey and empirical demonstration},
  author={Keogh, Eamonn and Kasetty, Shruti},
  journal={Data Mining and knowledge discovery},
  volume={7},
  number={4},
  pages={349--371},
  year={2003},
  publisher={Springer}
}

@article{smithmiles2009cross-disciplinary,
title={Cross-disciplinary perspectives on meta-learning for algorithm selection},
author={Smith-miles, Kate},
journal={ACM Computing Surveys},
volume={41},
number={1},
pages={6},
year={2009}}

@article{tay2001application,
title={Application of support vector machines in financial time series forecasting},
author={Tay, Francis E H and Cao, Lijuan},
journal={Omega-international Journal of Management Science},
volume={29},
number={4},
pages={309--317},
year={2001}}

@article{timmer1993characteristics,
title={Characteristics of hand tremor time series},
author={Timmer, Jens and Gantert, C and Deuschl, Gunther and Honerkamp, Josef},
journal={Biological Cybernetics},
volume={70},
number={1},
pages={75--80},
year={1993}}

@article{collopy1992rule-based,
title={Rule-based forecasting: development and validation of an expert systems approach to combining time series extrapolations},
author={Collopy, Fred and Armstrong, J Scott},
journal={Management Science},
volume={38},
number={10},
pages={1394--1414},
year={1992}}

@article{adam1973individual,
  author = {Adam, Everett E.},
  year = {1973},
  title = {Individual item forecasting model evaluation},
  journal = {Decision Sciences},
  publisher = {Wiley Online Library},
  issn = {1540-5915},
  doi = {10.1111/j.1540-5915.1973.tb00573.x},
  volume = {4},
  month = {10},
  pages = {458--470},
  number = {4}}

@article{arinze1994selecting,
title={Selecting appropriate forecasting models using rule induction},
author={Arinze, B},
journal={Omega-international Journal of Management Science},
volume={22},
number={6},
pages={647--658},
year={1994}}

@article{shah1997model,
title={Model selection in univariate time series forecasting using discriminant analysis},
author={Shah, Chandra},
journal={International Journal of Forecasting},
volume={13},
number={4},
pages={489--500},
year={1997}}

@article{meade2000evidence,
title={Evidence for the selection of forecasting methods},
author={Meade, Nigel},
journal={Journal of Forecasting},
volume={19},
number={6},
pages={515--535},
year={2000}}

@article{norets2010approximation,
title={Approximation  of conditional densities by smooth mixtures of regressions},
author={Norets, Andriy},
journal={Annals of Statistics},
volume={38},
number={3},
pages={1733--1766},
year={2010}}

@article{jiang1999on,
title={On the approximation rate of hierarchical mixtures-of-experts for generalized linear models},
author={Jiang, Wenxin and Tanner, Martin A},
journal={Neural Computation},
volume={11},
number={5},
pages={1183--1198},
year={1999}}

@article{li2010flexible,
title={Flexible modeling of conditional distributions using smooth mixtures of asymmetric student-\em{t} densities},
author={Li, Feng and Villani, Mattias and Kohn, Robert},
journal={Journal of Statistical Planning and Inference},
volume={140},
number={12},
pages={3638--3654},
year={2010}}

@article{villani2009regression,
title={Regression density estimation using smooth adaptive Gaussian mixtures},
author={Villani, Mattias and Kohn, Robert and Giordani, Paolo},
journal={Journal of Econometrics},
volume={153},
number={2},
pages={155--173},
year={2009}}

@article{le1996modeling,
title={Modeling flat stretches, bursts outliers in time series using mixture transition distribution models},
author={Le, Nhu D and Martin, R Douglas and Raftery, Adrian E},
journal={Journal of the American Statistical Association},
volume={91},
number={436},
pages={1504--1515},
year={1996}}

@article{kalliovirta2015a,
title={A Gaussian Mixture Autoregressive Model for Univariate Time Series},
author={Kalliovirta, Leena and Meitz, Mika and Saikkonen, Pentti},
journal={Journal of Time Series Analysis},
volume={36},
number={2},
pages={247--266},
year={2015}}

@article{rombouts2015option,
title={Option pricing with asymmetric heteroskedastic normal mixture models},
author={Rombouts, Jeroen V K and Stentoft, Lars},
journal={International Journal of Forecasting},
volume={31},
number={3},
pages={635--650},
year={2015}}


@incollection{fulcher2018feature,
  title={Feature-based time-series analysis},
  author={Fulcher, Ben D},
  booktitle={Feature engineering for machine learning and data analytics},
  pages={87--116},
  year={2018},
  publisher={CRC Press}
}

@article{li2013efficient,
title={Efficient bayesian multivariate surface regression.},
author={Li, Feng and Villani, Mattias},
journal={Scandinavian Journal of Statistics},
volume={40},
number={4},
pages={706--723},
year={2013}}

@Article{Barbour2014,
title = {psd: Adaptive, sine multitaper power spectral density estimation for R},
author = {Andrew J Barbour and Robert L Parker},
journal = {Computers \& Geosciences},
month = {February},
volume = {63},
pages = {1-8},
year = {2014},
doi = {10.1016/j.cageo.2013.09.015}
}

@techreport{Friedman1984,
  author = "Jerome H Friedman",
  year = 1984,
  title = {A variable span scatterplot smoother},
  institution = {Laboratory for Computational Statistics, Stanford University},
  type="Technical Report",
  number = 5
}


@ARTICLE{KPSS92,
  title   = "Testing the null hypothesis of stationarity against the
             alternative of a unit root How sure are we that economic time
             series have a unit root?",
  author  = "Kwiatkowski, Denis and Phillips, Peter C B and Schmidt, Peter and
             Shin, Yongcheol",
  journal = "Journal of Econometrics",
  volume  =  54,
  pages   = "159--178",
  year    =  1992
}


@ARTICLE{OCSB88,
  title   = "Seasonality and the order of integration for consumption",
  author  = "Osborn, Denise R and Chui, A P L and Smith, Jeremy and
             Birchenhall, C R",
  journal = "Oxford Bulletin of Economics and Statistics",
  volume  =  50,
  number  =  4,
  pages   = "361--377",
  year    =  1988
}

@ARTICLE{LjungBox78,
  title   = "On a measure of lack of fit in time series models",
  author  = "Ljung, G M and Box, George E P",
  journal = "Biometrika",
  volume  =  65,
  number  =  2,
  pages   = "297--303",
  year    =  1978
}


@ARTICLE{Engle82,
  title   = "Autoregressive conditional heteroscedasticity with estimates of
             the variance of {United Kingdom} inflation",
  author  = "Engle, Robert F",
  journal = "Econometrica",
  volume  =  50,
  pages   = "987--1007",
  year    =  1982
}


@ARTICLE{HasRaf89,
  title     = "Space-time modelling with long-memory dependence: assessing
               {Ireland}'s wind power resource",
  author    = "Haslett, John and Raftery, Adrian E",
  journal   = "Journal of the Royal Statistical Society Series C",
  volume    =  38,
  number    =  1,
  pages     = "1--50",
  year      =  1989,
  url       = "http://dx.doi.org/10.2307/2347679"
}

@article{vinod2009maximum,
  title={Maximum entropy bootstrap for time series: the meboot R package},
  author={Vinod, Hrishikesh D and L{\'o}pez-de-Lacalle, Javier and others},
  journal={Journal of Statistical Software},
  volume={29},
  number={5},
  pages={1--19},
  year={2009},
  publisher={Foundation for Open Access Statistics}
}

@article{bagnall2017simulated,
  title={Simulated data experiments for time series classification Part 1: accuracy comparison with default settings},
  author={Bagnall, Anthony and Bostrom, Aaron and Large, James and Lines, Jason},
  journal={arXiv preprint arXiv:1703.09480},
  year={2017}
}
@Manual{Rtscompdata,
  title = {tscompdata: Time series data from various forecasting competitions},
  year = {2018},
  author = {Rob J Hyndman},
  url = {https://github.com/robjhyndman/tscompdata},
  version = {0.0.1},
}

@Manual{Hyndman2019,
    title = {tsfeatures: Time Series Feature Extraction},
    author = {Rob Hyndman and Yanfei Kang and Pablo Montero-Manso and Thiyanga Talagala and Earo Wang and Yangzhuoran Yang and Mitchell O'Hara-Wild},
    year = {2019},
    note = {R package version 1.0.1},
    url = {https://CRAN.R-project.org/package=tsfeatures},
  }

}
@Manual{RMcomp,
  title = {Mcomp: Data from the M-Competitions},
  year = {2018},
  author = {Rob J Hyndman and Muhammad Akram and Christoph Bergmeir and Mitchell O'Hara-Wild},
  url = {https://CRAN.R-project.org/package=Mcomp},
  version = {2.7},
}
@Manual{RTcomp,
    title = {Tcomp: Data from the 2010 Tourism Forecasting Competition},
    author = {Peter Ellis},
    year = {2016},
    note = {R package version 1.0.0},
    url = {https://CRAN.R-project.org/package=Tcomp},
}
@Manual{Rcore,
    title = {R: A Language and Environment for Statistical Computing},
    author = {{R Core Team}},
    organization = {R Foundation for Statistical Computing},
    address = {Vienna, Austria},
    year = {2018},
    url = {https://www.R-project.org/},
  }


@article{M42018,
  title={The M4 Competition: Results, findings, conclusion and way forward},
  author={Makridakis, Spyros and Spiliotis, Evangelos and Assimakopoulos, Vassilios},
  journal={International Journal of Forecasting},
  year={2018},
  publisher={Elsevier}
}


@article{Thiyanga2018,
  title={??},
  journal = {International Journal of Forecasting},
  year = 2018,
  author = {Pablo Montero-Manso and Thiyanga S Talagala and Rob Hyndman and George Athanasopoulos},
  volume = 33,
  number = 4,
  pages = {????}
}

@article{m4metalearning,
  title={M4metalearning},
  year = 2018,
  author = {Pablo Montero-Manso and Thiyanga S Talagala and Rob Hyndman and George Athanasopoulos},
  publisher = {GitHub},
  journal = {GitHub repository},
  howpublished = {\url{https://github.com/robjhyndman/M4metalearning}},
}

@Manual{shiny,
    title = {shiny: Web Application Framework for R},
    author = {Winston Chang and Joe Cheng and JJ Allaire and Yihui Xie and Jonathan McPherson},
    year = {2018},
    note = {R package version 1.1.0},
    url = {https://CRAN.R-project.org/package=shiny},
}
@techreport{talagala2018meta,
  title={Meta-learning how to forecast time series},
  author={Talagala, Thiyanga S and Hyndman, Rob J and Athanasopoulos, George},
  year={2018},
  institution={Monash University, Department of Econometrics and Business Statistics},
  type = "Working paper",
  number = "6/18"
}

@Book{gelman2013bayesian,
  title={Bayesian data analysis},
  author= {Andrew Gelman and John B. Carlin and Hal S. Stern and David B. Dunson and Aki Vehtari and Donald B. Rubin},
  publisher={Chapman and Hall/CRC},
  isbn={9781439840955},
  year= {2013}
}



@article{escobar1995bayesian,
  title={Bayesian density estimation and inference using mixtures},
  author={Escobar, Michael D and West, Mike},
  journal={Journal of the american statistical association},
  volume={90},
  number={430},
  pages={577--588},
  year={1995},
  publisher={Taylor \& Francis}
}


@article{constantinopoulos2006bayesian,
  title={Bayesian feature and model selection for Gaussian mixture models},
  author={Constantinopoulos, Constantinos and Titsias, Michalis K and Likas, Aristidis},
  journal={IEEE Transactions on Pattern Analysis \& Machine Intelligence},
  number={6},
  pages={1013--1018},
  year={2006},
  publisher={IEEE}
}


@inproceedings{griffiths2004hierarchical,
  title={Hierarchical topic models and the nested chinese restaurant process},
  author={Griffiths, Thomas L and Jordan, Michael I and Tenenbaum, Joshua B and Blei, David M},
  booktitle={Advances in neural information processing systems},
  pages={17--24},
  year={2004}
}




@article{povinelli2004time,
  title={Time series classification using Gaussian mixture models of reconstructed phase spaces},
  author={Povinelli, Richard J and Johnson, Michael T and Lindgren, Andrew C and Ye, Jinjin},
  journal={IEEE Transactions on Knowledge and Data Engineering},
  volume={16},
  number={6},
  pages={779--783},
  year={2004},
  publisher={IEEE}
}

@article{silver2017mastering,
  title={Mastering the game of Go without human knowledge},
  author={Silver, David and Schrittwieser, Julian and Simonyan, Karen and Antonoglou, Ioannis and Huang, Aja and Guez, Arthur and Hubert, Thomas and Baker, Lucas and Lai, Matthew and Bolton, Adrian and others},
  journal={Nature},
  volume={550},
  number={7676},
  pages={354},
  year={2017},
  publisher={Nature Publishing Group}
}

@article{olson2017pmlb,
  title={PMLB: a large benchmark suite for machine learning evaluation and comparison},
  author={Olson, Randal S and La Cava, William and Orzechowski, Patryk and Urbanowicz, Ryan J and Moore, Jason H},
  journal={BioData mining},
  volume={10},
  number={1},
  pages={36},
  year={2017},
  publisher={BioMed Central}
}

@article{hatami2017bag1,
  title={Bag of recurrence patterns representation for time-series classification},
  author={Hatami, Nima and Gavet, Yann and Debayle, Johan},
  journal={Pattern Analysis and Applications},
  pages={1--11},
  year={2017},
  publisher={Springer}
}

@inproceedings{wang2015Imaging,
  title={Imaging time-series to improve classification and imputation},
  author={Wang, Zhiguang and Oates, Tim},
  booktitle={Proceedings of the 24th International Conference on Artificial Intelligence},
  pages={3939--3945},
  year={2015},
  organization={AAAI Press}
}

@article{eckmann1987recurrence,
  title={Recurrence plots of dynamical systems},
  author={Eckmann, J-P and Kamphorst, S Oliffson and Ruelle, David},
  journal={EPL (Europhysics Letters)},
  volume={4},
  number={9},
  pages={973},
  year={1987},
  publisher={IOP Publishing}
}

@inproceedings{lowe1999object,
  title={Object recognition from local scale-invariant features},
  author={Lowe, David G},
  booktitle={Computer vision, 1999. The proceedings of the seventh IEEE international conference on},
  volume={2},
  pages={1150--1157},
  year={1999},
  organization={IEEE}
}

@inproceedings{wang2010locality,
  title={Locality-constrained linear coding for image classification},
  author={Wang, Jinjun and Yang, Jianchao and Yu, Kai and Lv, Fengjun and Huang, Thomas and Gong, Yihong},
  booktitle={Computer Vision and Pattern Recognition (CVPR), 2010 IEEE Conference on},
  pages={3360--3367},
  year={2010},
  organization={IEEE}
}



@INPROCEEDINGS{lazebnik2006beyond,
author={S. Lazebnik and C. Schmid and J. Ponce},
booktitle={2006 IEEE Computer Society Conference on Computer Vision and Pattern Recognition (CVPR'06)},
title={Beyond Bags of Features: Spatial Pyramid Matching for Recognizing Natural Scene Categories},
year={2006},
volume={2},
number={},
pages={2169-2178},
doi={10.1109/CVPR.2006.68},
ISSN={1063-6919},
month={June},
organization={IEEE}
}



@article{Tibshirani2011Regression,
  title={Regression shrinkage and selection via the lasso: a retrospective},
  author={Tibshirani, Robert},
  journal={Journal of the Royal Statistical Society},
  volume={73},
  number={3},
  pages={273-282},
  year={2011},
}
@inproceedings{Chen2016XGBoost,
  title={XGBoost:A Scalable Tree Boosting System},
  author={Chen, Tianqi and Guestrin, Carlos},
  booktitle={ACM SIGKDD International Conference on Knowledge Discovery and Data Mining},
  pages={785-794},
  year={2016},
}
@article{Assimakopoulos2000The,
  title={The theta model: a decomposition approach to forecasting},
  author={Assimakopoulos, V. and Nikolopoulos, K.},
  journal={International Journal of Forecasting},
  volume={16},
  number={4},
  pages={521-530},
  year={2000},
}
@article{Hyndman2017A,
  title={A state space framework for automatic forecasting using exponential smoothing methods},
  author={Hyndman, Rob J. and Koehler, Anne B. and Snyder, Ralph D. and Grose, Simone},
  journal={International Journal of Forecasting},
  volume={18},
  number={3},
  pages={439-454},
  year={2017},
}
@article{Cherkassky2004Practical,
  title={Practical selection of SVM parameters and noise estimation for SVM regression.},
  author={Cherkassky, Vladimir and Ma, Yunqian},
  journal={Neural Networks},
  volume={17},
  number={1},
  pages={113-126},
  year={2004},
}

@article{hatami2017bag,
  title={Bag of recurrence patterns representation for time-series classification},
  author={Hatami, Nima and Gavet, Yann and Debayle, Johan},
  journal={Pattern Analysis and Applications},
  pages={1--11},
  year={2017},
  publisher={Springer}
}


@article{baydogan2013bag,
  title={A bag-of-features framework to classify time series},
  author={Baydogan, Mustafa Gokce and Runger, George and Tuv, Eugene},
  journal={IEEE transactions on pattern analysis and machine intelligence},
  volume={35},
  number={11},
  pages={2796--2802},
  year={2013},
  publisher={IEEE}
}


@article{wang2013bag,
  title={Bag-of-words representation for biomedical time series classification},
  author={Wang, Jin and Liu, Ping and She, Mary FH and Nahavandi, Saeid and Kouzani, Abbas},
  journal={Biomedical Signal Processing and Control},
  volume={8},
  number={6},
  pages={634--644},
  year={2013},
  publisher={Elsevier}
}

@article{Krizhevsky-ImageNet,
author = {Krizhevsky, Alex and Sutskever, Ilya and E. Hinton, Geoffrey},
year = {2012},
month = {01},
pages = {},
title = {ImageNet Classification with Deep Convolutional Neural Networks},
volume = {25},
journal = {Neural Information Processing Systems},
doi = {10.1145/3065386}
}

@article{Razavian2014CNN,
  title={CNN Features Off-the-Shelf: An Astounding Baseline for Recognition},
  author={Razavian, Ali Sharif and Azizpour, Hossein and Sullivan, Josephine and Carlsson, Stefan},
  year={2014},
}
@inproceedings{Donahue2014DeCAF,
  title={DeCAF: A Deep Convolutional Activation Feature for Generic Visual Recognition},
  author={Donahue, Jeff and Jia, Yangqing and Vinyals, Oriol and Hoffman, Judy and Ning, Zhang and Tzeng, Eric and Darrell, Trevor and Donahue, Jeff and Jia, Yangqing and Vinyals, Oriol},
  booktitle={International Conference on International Conference on Machine Learning},
  year={2014},
}
@inproceedings{Deng2009ImageNet,
  title={ImageNet: A large-scale hierarchical image database},
  author={Deng, Jia and Dong, Wei and Socher, Richard and Li, Li Jia and Li, Kai and Li, Fei Fei},
  booktitle={IEEE Conference on Computer Vision and Pattern Recognition},
  year={2009},
}
@inproceedings{Szegedy2016Rethinking,
  title={Rethinking the Inception Architecture for Computer Vision},
  author={Szegedy, Christian and Vanhoucke, Vincent and Ioffe, Sergey and Shlens, Jon and Wojna, Zbigniew},
  booktitle={Computer Vision and Pattern Recognition},
  year={2016},
}
@article{Simonyan2014Very,
  title={Very Deep Convolutional Networks for Large-Scale Image Recognition},
  author={Simonyan, Karen and Zisserman, Andrew},
  journal={Computer Science},
  year={2014},
}
@article{Resnet2015,
  title={Deep Residual Learning for Image Recognition},
  author={Kaiming He , Xiangyu Zhang , Shaoqing Ren and Jian Sun},
  journal={Computer Science},
  year={2014},
}
@article{Pan2010A,
  title={A Survey on Transfer Learning},
  author={Pan, Sinno Jialin and Qiang, Yang},
  journal={IEEE Transactions on Knowledge and Data Engineering},
  volume={22},
  number={10},
  pages={1345-1359},
  year={2010},
}
@inproceedings{Ge2017Borrowing,
  title={Borrowing Treasures from the Wealthy: Deep Transfer Learning through Selective Joint Fine-Tuning},
  author={Ge, Weifeng and Yu, Yizhou},
  booktitle={Computer Vision and Pattern Recognition},
  year={2017},
}
@article{Szegedy2016Inception,
  title={Inception-v4, Inception-ResNet and the Impact of Residual Connections on Learning},
  author={Szegedy, Christian and Ioffe, Sergey and Vanhoucke, Vincent},
  year={2016},
}

@article{kang2019gratis,
  title={GRATIS: GeneRAting TIme Series with diverse and controllable characteristics},
  author={Kang, Yanfei and Hyndman, Rob J and Li, Feng},
  journal={arXiv preprint arXiv:1903.02787},
  year={2019}
}